23700000         103605221000049000000000000000677270329300000000322113 FRANCIS MARIS CRUZ            BRADESCO S/A                            21506202310113401448605001600                                                         67727       
23744861E0440050 103605221000049000000000000000677270329300000000322113 FRANCIS MARIS CRUZ                                                    15062023000000000006618950CFBRL14486                                                              
2370002300001E0  103605221000049000000000000000677270329300000000322113 FRANCIS MARIS CRUZ                  CDS00                    S0000000015062023000000000000696081C2020030LIQUIDACAO DE COBRANCA   9032211VALOR DISPONIVEL               0
2370003300002E0  103605221000049000000000000000677270329300000000322113 FRANCIS MARIS CRUZ                  CDS00                    S0000000015062023000000000113540508C2171321RECEBIMENTO FORNECEDOR   0237215MARFRIG GLOBAL FOODS S.A       0
2370004300003E0  103605221000049000000000000000677270329300000000322113 FRANCIS MARIS CRUZ                  DPV00                    N0000000015062023000000000000008885D1050777TARIFA BANCARIA          0010623CESTA PRIME EXCLUSIVA          0
23700055         103605221000049000000000000000677270329300000000322113                 00000000000000000000000000000000000000000000000000000015062023000000000120846654CP000005000000000000008885000000000114236589                            
23799999         000005000007000001                                                                                                                                                                                                             
