23700000         103605221000049000000000000000677270329300000000322113 FRANCIS MARIS CRUZ            BRADESCO S/A                            21506202310113401448605001600                                                         67727       
23744861E0440050 103605221000049000000000000000677270329300000000322113 FRANCIS MARIS CRUZ                                                    15062023000000000006618950CFBRL14486                                                              
2370002300001E0  103605221000049000000000000000677270329300000000322113 FRANCIS MARIS CRUZ                  CDS00                    S0000000015062023000000000000696081C2020030LIQUIDACAO DE COBRANCA   9032211VALOR DISPONIVEL               0
2370003300002E0  103605221000049000000000000000677270329300000000322113 FRANCIS MARIS CRUZ                  CDS00                    S0000000015062023000000000113540508C2171321RECEBIMENTO FORNECEDOR   0237215MARFRIG GLOBAL FOODS S.A       0
2370004300003E0  103605221000049000000000000000677270329300000000322113 FRANCIS MARIS CRUZ                  DPV00                    N0000000015062023000000000000008885D1050777TARIFA BANCARIA          0010623CESTA PRIME EXCLUSIVA          0
23700055         103605221000049000000000000000677270329300000000322113                 00000000000000000000000000000000000000000000000000000015062023000000000120846654CP000005000000000000008885000000000114236589                            
23799999         000005000007000001                                                                                                                                                                                                             
0TED237BRADESCO S/A0002279026470000000304808 COMETA MOTO CENTER LTDA                 0041307260000108190620230807430002643                                                                                                                                                                                                                                                                               0000001
1237026470000000304808 00700581106200000000000589520041307260000108COMETA MOTO CENTER LTDA                 0100999consorcio                                                                                           000000010001702679132 0023409220000038FERNANDO DIEGO LE¶O MARQUES             R      1706202319062023080743                         000000P                                        0000002
1237026470000000304808 00700581055440000000000340000041307260000108COMETA MOTO CENTER LTDA                 0100999                                                                                                    000000010008006153798 9828631520000000Alex Monteiro Da Silva                  R      1706202319062023080743                         000000P                                        0000003
1237026470000000304808 00700581303390000000000313090041307260000108COMETA MOTO CENTER LTDA                 0100999                                                                                                    000000010006684653450 8334192720000004Ménica do Socorro Reis Ferreira         R      1706202319062023080743                         000000P                                        0000004
1237026470000000304808 00700581302380000000000042780041307260000108COMETA MOTO CENTER LTDA                 0100999                                                                                                    000000010002929162190 6315552420000000Helena Maria Marinheiro Costa           R      1706202319062023080743                         000000P                                        0000005
1237026470000000304808 00700580908240000000000050000041307260000108COMETA MOTO CENTER LTDA                 0100999                                                                                                    000000010001402866374 0055374430000030Reine Heber Vieira Pires                R      1706202319062023080743                         000000P                                        0000006
1237026470000000304808 00700580907050000000000354390041307260000108COMETA MOTO CENTER LTDA                 0100999                                                                                                    000038630000108066094 0537900720000010JACIARA DE MOURA RIBEIRO                R      1706202319062023080743                         000000P                                        0000007
1237026470000000304808 00700582201340000000000626040041307260000108COMETA MOTO CENTER LTDA                 0100999                                                                                                    000023130000003790185 7049491520000077VINICIUS BALIEIRO MORAIS                R      1606202319062023080743                         000000P                                        0000008
1237026470000000304808 00700581024190000000004450000041307260000108COMETA MOTO CENTER LTDA                 0100999                                                                                                    000032140000109005340 8798931020000044DARLAN WALISON CUNHA                    R      1706202319062023080743                         000000P                                        0000009
1237026470000000304808 00700581030260000000000056280041307260000108COMETA MOTO CENTER LTDA                 0100999                                                                                                    000005000002481002297 9549391320000091Darlison Oliveira Merces                R      1706202319062023080743                         000000P                                        0000010
1237026470000000304808 00700581204490000000000056280041307260000108COMETA MOTO CENTER LTDA                 0100999                                                                                                    000000010000253312481 6363491020000091Waldiney Nogueira Cunha                 R      1706202319062023080743                         000000P                                        0000011
1237026470000000304808 00700581202030000000003000000041307260000108COMETA MOTO CENTER LTDA                 0100999                                                                                                    000063250000004698614 4877256920000004JOSE EDILSON DA SILVA SILVA             R      1706202319062023080743                         000000P                                        0000012
1237026470000000304808 00700581238300000000000454180041307260000108COMETA MOTO CENTER LTDA                 0100999                                                                                                    000016430000007051387 0160692420000030ANA KAROLINE  SOUZA DE LIMA             R      1706202319062023080743                         000000P                                        0000013
1237026470000000304808 00700581240080000000001000000041307260000108COMETA MOTO CENTER LTDA                 0100999                                                                                                    000046840000002524244 9726692220000091BRUNO DE ARAUJO NUNES                   R      1706202319062023080743                         000000P                                        0000014
1237026470000000304808 00700581213260000000000300000041307260000108COMETA MOTO CENTER LTDA                 0100999                                                                                                    000005000001538758776 2585250720000053ONEIDE MIRANDA DE MATOS                 R      1706202319062023080743                         000000P                                        0000015
1237026470000000304808 00700580815300000000000055000041307260000108COMETA MOTO CENTER LTDA                 0100999                                                                                                    000030790085590493532 5559596020000072ELIELSON ROMUALDO DA SILVA              R      1706202319062023080743                         000000P                                        0000016
1237026470000000304808 00700580828590000000000171930041307260000108COMETA MOTO CENTER LTDA                 0100999                                                                                                    000015770001300256471 0180062870000122JOEL BENEDITO FERREIRA COSTA 79583059234R      1706202319062023080743                         000000P                                        0000017
1237026470000000304808 00700581901000000000001100000041307260000108COMETA MOTO CENTER LTDA                 0100999                                                                                                    000000010005693746202 7212493820000015Roseni Farias Silva                     R      1606202319062023080743                         000000P                                        0000018
1237026470000000304808 00700581900380000000000405510041307260000108COMETA MOTO CENTER LTDA                 0100999                                                                                                    237061760000005176662 0365499220000069ERIKA MAYARA DA LUZ QUEIROZ             R      1606202319062023080743                         000000P                                        0000019
1237026470000000304808 00700580952300000000000001000041307260000108COMETA MOTO CENTER LTDA                 0100999                                                                                                    000008700000000423149 0016507810000097ANDERSON DELUQUE FREITAS                R      1706202319062023080743                         000000P                                        0000020
1237026470000000304808 00700581111410000000000246040041307260000108COMETA MOTO CENTER LTDA                 0100999                                                                                                    000074640000003841359 0243450320000009THOMAZ FARIAS DE MORAIS                 R      1706202319062023080743                         000000P                                        0000021
1237026470000000304808 00700581115470000000000445450041307260000108COMETA MOTO CENTER LTDA                 0100999                                                                                                    000025800096003404188 0527459220000044JAIRLEM CRUZ SILVA                      R      1706202319062023080743                         000000P                                        0000022
1237026470000000304808 00700581128310000000000387000041307260000108COMETA MOTO CENTER LTDA                 0100999                                                                                                    000000010005622033122 0412297220000013Albert rivelino Tavares costa           R      1706202319062023080743                         000000P                                        0000023
1237026470000000304808 00700581121140000000000402140041307260000108COMETA MOTO CENTER LTDA                 0100999                                                                                                    000000010002512436640 0193372120000060Pricielly Pinto Ribeiro                 R      1706202319062023080743                         000000P                                        0000024
1237026470000000304808 00700581140440000000000500000041307260000108COMETA MOTO CENTER LTDA                 0100999                                                                                                    000018820000002038129 4275796720000015JOAO AMANCIO NEVES DOS REIS             R      1706202319062023080743                         000000P                                        0000025
1237026470000000304808 00700581138240000000000100000041307260000108COMETA MOTO CENTER LTDA                 0100999                                                                                                    000005000000985715247 0318937820000040Rosimere Batista Da Silva               R      1706202319062023080743                         000000P                                        0000026
1237026470000000304808 00700581644440000000000391270041307260000108COMETA MOTO CENTER LTDA                 0100999                                                                                                    000000010000785617601 5549534620000020LARISSA FERREIRA CANTAO                 R      1706202319062023080743                         000000P                                        0000027
1237026470000000304808 00700581021050000000000056280041307260000108COMETA MOTO CENTER LTDA                 0100999                                                                                                    000000010000090676386 0088855120000007Wellington Wagner da Silva Monteiro     R      1706202319062023080743                         000000P                                        0000028
1237026470000000304808 00700581006110000000000295450041307260000108COMETA MOTO CENTER LTDA                 0100999                                                                                                    000000010002504561929 0056124520000007JOSELIA DA SILVA SANTOS                 R      1706202319062023080743                         000000P                                        0000029
9TED237BRADESCO S/A0002279026470000000304808 COMETA MOTO CENTER LTDA                 004130726000010819062023080743000000000000280000000000000000000000000000001618963000000000000000                                                                                                                                                                                                                    0000030
